% This file was created with JabRef 2.5.
% Encoding: Cp1253

@ARTICLE{Surname2010,
  author = {Name Surname},
  title = {Title of Article},
  journal = {Journal of Articles},
  year = {2010},
  volume = {1},
  pages = {100-110},
  timestamp = {2009.12.21}
}

